%YAML 1.1
%TAG !u! tag:unity3d.com,2011:
--- !u!1 &4032473871622790628
GameObject:
  m_ObjectHideFlags: 0
  m_CorrespondingSourceObject: {fileID: 0}
  m_PrefabInstance: {fileID: 0}
  m_PrefabAsset: {fileID: 0}
  serializedVersion: 6
  m_Component:
  - component: {fileID: 4032473871622790631}
  - component: {fileID: 4032473871622790626}
  - component: {fileID: 4032473871622790627}
  - component: {fileID: 4032473871622790624}
  - component: {fileID: 4032473871622790625}
  - component: {fileID: 4032473871622790630}
  m_Layer: 0
  m_Name: TileMap
  m_TagString: Tilemap
  m_Icon: {fileID: 0}
  m_NavMeshLayer: 0
  m_StaticEditorFlags: 0
  m_IsActive: 1
--- !u!4 &4032473871622790631
Transform:
  m_ObjectHideFlags: 0
  m_CorrespondingSourceObject: {fileID: 0}
  m_PrefabInstance: {fileID: 0}
  m_PrefabAsset: {fileID: 0}
  m_GameObject: {fileID: 4032473871622790628}
  m_LocalRotation: {x: -0, y: -0, z: -0, w: 1}
  m_LocalPosition: {x: 0, y: 0, z: 0}
  m_LocalScale: {x: 1, y: 1, z: 1}
  m_Children: []
  m_Father: {fileID: 4032473872037130316}
  m_RootOrder: 0
  m_LocalEulerAnglesHint: {x: 0, y: 0, z: 0}
--- !u!1839735485 &4032473871622790626
Tilemap:
  m_ObjectHideFlags: 0
  m_CorrespondingSourceObject: {fileID: 0}
  m_PrefabInstance: {fileID: 0}
  m_PrefabAsset: {fileID: 0}
  m_GameObject: {fileID: 4032473871622790628}
  m_Enabled: 1
  m_Tiles: {}
  m_AnimatedTiles: {}
  m_TileAssetArray:
  - m_RefCount: 0
    m_Data: {fileID: 0}
  m_TileSpriteArray:
  - m_RefCount: 0
    m_Data: {fileID: 0}
  m_TileMatrixArray:
  - m_RefCount: 0
    m_Data:
      e00: NaN
      e01: 0
      e02: 0
      e03: NaN
      e10: NaN
      e11: 0
      e12: 0
      e13: NaN
      e20: -2.1641289e-10
      e21: 0
      e22: -1.4563711e+38
      e23: -6075196.5
      e30: 7.06e-43
      e31: 0
      e32: 7.06e-43
      e33: 4.5904e-41
  m_TileColorArray:
  - m_RefCount: 0
    m_Data: {r: 0.0000000031155452, g: 0.0000000031155452, b: 0.0000000031155452,
      a: 0.0000000031155452}
  m_TileObjectToInstantiateArray: []
  m_AnimationFrameRate: 1
  m_Color: {r: 1, g: 1, b: 1, a: 1}
  m_Origin: {x: -64, y: -64, z: 0}
  m_Size: {x: 128, y: 108, z: 1}
  m_TileAnchor: {x: 0.5, y: 0.5, z: 0}
  m_TileOrientation: 0
  m_TileOrientationMatrix:
    e00: 1
    e01: 0
    e02: 0
    e03: 0
    e10: 0
    e11: 1
    e12: 0
    e13: 0
    e20: 0
    e21: 0
    e22: 1
    e23: 0
    e30: 0
    e31: 0
    e32: 0
    e33: 1
--- !u!483693784 &4032473871622790627
TilemapRenderer:
  m_ObjectHideFlags: 0
  m_CorrespondingSourceObject: {fileID: 0}
  m_PrefabInstance: {fileID: 0}
  m_PrefabAsset: {fileID: 0}
  m_GameObject: {fileID: 4032473871622790628}
  m_Enabled: 1
  m_CastShadows: 0
  m_ReceiveShadows: 0
  m_DynamicOccludee: 1
  m_MotionVectors: 1
  m_LightProbeUsage: 0
  m_ReflectionProbeUsage: 0
  m_RayTracingMode: 0
  m_RenderingLayerMask: 1
  m_RendererPriority: 0
  m_Materials:
  - {fileID: 2100000, guid: 97bfa378c4c802045aeb74cdd46baffa, type: 2}
  m_StaticBatchInfo:
    firstSubMesh: 0
    subMeshCount: 0
  m_StaticBatchRoot: {fileID: 0}
  m_ProbeAnchor: {fileID: 0}
  m_LightProbeVolumeOverride: {fileID: 0}
  m_ScaleInLightmap: 1
  m_ReceiveGI: 1
  m_PreserveUVs: 0
  m_IgnoreNormalsForChartDetection: 0
  m_ImportantGI: 0
  m_StitchLightmapSeams: 1
  m_SelectedEditorRenderState: 0
  m_MinimumChartSize: 4
  m_AutoUVMaxDistance: 0.5
  m_AutoUVMaxAngle: 89
  m_LightmapParameters: {fileID: 0}
  m_SortingLayerID: 0
  m_SortingLayer: 0
  m_SortingOrder: 0
  m_ChunkSize: {x: 32, y: 32, z: 32}
  m_ChunkCullingBounds: {x: 0, y: 0, z: 0}
  m_MaxChunkCount: 16
  m_MaxFrameAge: 16
  m_SortOrder: 0
  m_Mode: 0
  m_DetectChunkCullingBounds: 0
  m_MaskInteraction: 0
--- !u!19719996 &4032473871622790624
TilemapCollider2D:
  m_ObjectHideFlags: 0
  m_CorrespondingSourceObject: {fileID: 0}
  m_PrefabInstance: {fileID: 0}
  m_PrefabAsset: {fileID: 0}
  m_GameObject: {fileID: 4032473871622790628}
  m_Enabled: 1
  m_Density: 1
  m_Material: {fileID: 0}
  m_IsTrigger: 0
  m_UsedByEffector: 0
  m_UsedByComposite: 1
  m_Offset: {x: 0, y: 0}
  m_MaximumTileChangeCount: 1000
  m_ExtrusionFactor: 0.00001
--- !u!50 &4032473871622790625
Rigidbody2D:
  serializedVersion: 4
  m_ObjectHideFlags: 0
  m_CorrespondingSourceObject: {fileID: 0}
  m_PrefabInstance: {fileID: 0}
  m_PrefabAsset: {fileID: 0}
  m_GameObject: {fileID: 4032473871622790628}
  m_BodyType: 2
  m_Simulated: 1
  m_UseFullKinematicContacts: 0
  m_UseAutoMass: 0
  m_Mass: 1
  m_LinearDrag: 0
  m_AngularDrag: 0.05
  m_GravityScale: 1
  m_Material: {fileID: 0}
  m_Interpolate: 0
  m_SleepingMode: 1
  m_CollisionDetection: 0
  m_Constraints: 0
--- !u!66 &4032473871622790630
CompositeCollider2D:
  m_ObjectHideFlags: 0
  m_CorrespondingSourceObject: {fileID: 0}
  m_PrefabInstance: {fileID: 0}
  m_PrefabAsset: {fileID: 0}
  m_GameObject: {fileID: 4032473871622790628}
  m_Enabled: 1
  m_Density: 1
  m_Material: {fileID: 0}
  m_IsTrigger: 0
  m_UsedByEffector: 0
  m_UsedByComposite: 0
  m_Offset: {x: 0, y: 0}
  m_GeometryType: 1
  m_GenerationType: 0
  m_EdgeRadius: 0
  m_ColliderPaths:
  - m_Collider: {fileID: 4032473871622790624}
    m_ColliderPaths: []
  m_CompositePaths:
    m_Paths: []
  m_VertexDistance: 0.0005
  m_OffsetDistance: 0.00005
--- !u!1 &4032473871784430053
GameObject:
  m_ObjectHideFlags: 0
  m_CorrespondingSourceObject: {fileID: 0}
  m_PrefabInstance: {fileID: 0}
  m_PrefabAsset: {fileID: 0}
  serializedVersion: 6
  m_Component:
  - component: {fileID: 4032473871784430052}
  - component: {fileID: 4032473871784430055}
  - component: {fileID: 4032473872432048017}
  m_Layer: 0
  m_Name: Planet
  m_TagString: Planet
  m_Icon: {fileID: 0}
  m_NavMeshLayer: 0
  m_StaticEditorFlags: 0
  m_IsActive: 1
--- !u!4 &4032473871784430052
Transform:
  m_ObjectHideFlags: 0
  m_CorrespondingSourceObject: {fileID: 0}
  m_PrefabInstance: {fileID: 0}
  m_PrefabAsset: {fileID: 0}
  m_GameObject: {fileID: 4032473871784430053}
  m_LocalRotation: {x: -0, y: -0, z: -0, w: 1}
  m_LocalPosition: {x: -7.698275, y: -3.417074, z: 0}
  m_LocalScale: {x: 1, y: 1, z: 1}
  m_Children:
  - {fileID: 4032473872093212489}
  - {fileID: 4032473872037130316}
  m_Father: {fileID: 0}
  m_RootOrder: 0
  m_LocalEulerAnglesHint: {x: 0, y: 0, z: 0}
--- !u!58 &4032473871784430055
CircleCollider2D:
  m_ObjectHideFlags: 0
  m_CorrespondingSourceObject: {fileID: 0}
  m_PrefabInstance: {fileID: 0}
  m_PrefabAsset: {fileID: 0}
  m_GameObject: {fileID: 4032473871784430053}
  m_Enabled: 0
  m_Density: 1
  m_Material: {fileID: 0}
  m_IsTrigger: 0
  m_UsedByEffector: 0
  m_UsedByComposite: 0
  m_Offset: {x: 0, y: 0}
  serializedVersion: 2
  m_Radius: 1.28
--- !u!114 &4032473872432048017
MonoBehaviour:
  m_ObjectHideFlags: 0
  m_CorrespondingSourceObject: {fileID: 0}
  m_PrefabInstance: {fileID: 0}
  m_PrefabAsset: {fileID: 0}
  m_GameObject: {fileID: 4032473871784430053}
  m_Enabled: 1
  m_EditorHideFlags: 0
  m_Script: {fileID: 11500000, guid: ab55b577ca5058843baa31087c463a9b, type: 3}
  m_Name: 
  m_EditorClassIdentifier: 
  planetRadiusInTile: 32
  tilemap: {fileID: 4032473871622790626}
  tilemapCollider: {fileID: 4032473871622790624}
  tile: {fileID: 11400000, guid: 313e246e5b6811e48bf8c99340af0601, type: 2}
  halo: {fileID: 4032473872093212489}
--- !u!1 &4032473872037130317
GameObject:
  m_ObjectHideFlags: 0
  m_CorrespondingSourceObject: {fileID: 0}
  m_PrefabInstance: {fileID: 0}
  m_PrefabAsset: {fileID: 0}
  serializedVersion: 6
  m_Component:
  - component: {fileID: 4032473872037130316}
  - component: {fileID: 4032473872037130319}
  m_Layer: 0
  m_Name: Grid
  m_TagString: Tilemap
  m_Icon: {fileID: 0}
  m_NavMeshLayer: 0
  m_StaticEditorFlags: 0
  m_IsActive: 1
--- !u!4 &4032473872037130316
Transform:
  m_ObjectHideFlags: 0
  m_CorrespondingSourceObject: {fileID: 0}
  m_PrefabInstance: {fileID: 0}
  m_PrefabAsset: {fileID: 0}
  m_GameObject: {fileID: 4032473872037130317}
  m_LocalRotation: {x: -0, y: -0, z: -0, w: 1}
  m_LocalPosition: {x: 0, y: 0, z: 0}
  m_LocalScale: {x: 1, y: 1, z: 1}
  m_Children:
  - {fileID: 4032473871622790631}
  m_Father: {fileID: 4032473871784430052}
  m_RootOrder: 1
  m_LocalEulerAnglesHint: {x: 0, y: 0, z: 0}
--- !u!156049354 &4032473872037130319
Grid:
  m_ObjectHideFlags: 0
  m_CorrespondingSourceObject: {fileID: 0}
  m_PrefabInstance: {fileID: 0}
  m_PrefabAsset: {fileID: 0}
  m_GameObject: {fileID: 4032473872037130317}
  m_Enabled: 1
  m_CellSize: {x: 0.02, y: 0.02, z: 0.02}
  m_CellGap: {x: 0, y: 0, z: 0}
  m_CellLayout: 0
  m_CellSwizzle: 0
--- !u!1 &4032473872093212494
GameObject:
  m_ObjectHideFlags: 0
  m_CorrespondingSourceObject: {fileID: 0}
  m_PrefabInstance: {fileID: 0}
  m_PrefabAsset: {fileID: 0}
  serializedVersion: 6
  m_Component:
  - component: {fileID: 4032473872093212489}
  - component: {fileID: 4032473872093212491}
  - component: {fileID: 4032473872093212488}
  m_Layer: 0
  m_Name: halo
  m_TagString: Untagged
  m_Icon: {fileID: 0}
  m_NavMeshLayer: 0
  m_StaticEditorFlags: 0
  m_IsActive: 1
--- !u!4 &4032473872093212489
Transform:
  m_ObjectHideFlags: 0
  m_CorrespondingSourceObject: {fileID: 0}
  m_PrefabInstance: {fileID: 0}
  m_PrefabAsset: {fileID: 0}
  m_GameObject: {fileID: 4032473872093212494}
  m_LocalRotation: {x: -0, y: -0, z: -0, w: 1}
  m_LocalPosition: {x: 0, y: 0, z: 1}
  m_LocalScale: {x: 1, y: 1, z: 1}
  m_Children: []
  m_Father: {fileID: 4032473871784430052}
  m_RootOrder: 0
  m_LocalEulerAnglesHint: {x: 0, y: 0, z: 0}
--- !u!212 &4032473872093212491
SpriteRenderer:
  m_ObjectHideFlags: 0
  m_CorrespondingSourceObject: {fileID: 0}
  m_PrefabInstance: {fileID: 0}
  m_PrefabAsset: {fileID: 0}
  m_GameObject: {fileID: 4032473872093212494}
  m_Enabled: 1
  m_CastShadows: 0
  m_ReceiveShadows: 0
  m_DynamicOccludee: 1
  m_MotionVectors: 1
  m_LightProbeUsage: 1
  m_ReflectionProbeUsage: 1
  m_RayTracingMode: 0
  m_RenderingLayerMask: 1
  m_RendererPriority: 0
  m_Materials:
  - {fileID: 10754, guid: 0000000000000000f000000000000000, type: 0}
  m_StaticBatchInfo:
    firstSubMesh: 0
    subMeshCount: 0
  m_StaticBatchRoot: {fileID: 0}
  m_ProbeAnchor: {fileID: 0}
  m_LightProbeVolumeOverride: {fileID: 0}
  m_ScaleInLightmap: 1
  m_ReceiveGI: 1
  m_PreserveUVs: 0
  m_IgnoreNormalsForChartDetection: 0
  m_ImportantGI: 0
  m_StitchLightmapSeams: 1
  m_SelectedEditorRenderState: 0
  m_MinimumChartSize: 4
  m_AutoUVMaxDistance: 0.5
  m_AutoUVMaxAngle: 89
  m_LightmapParameters: {fileID: 0}
  m_SortingLayerID: 0
  m_SortingLayer: 0
  m_SortingOrder: -10
  m_Sprite: {fileID: 6493497552717572729, guid: 7abd93b800749c64a88098f4e4ec4d2c,
    type: 3}
  m_Color: {r: 1, g: 1, b: 1, a: 1}
  m_FlipX: 0
  m_FlipY: 0
  m_DrawMode: 0
  m_Size: {x: 6.5, y: 6.5010576}
  m_AdaptiveModeThreshold: 0.5
  m_SpriteTileMode: 0
  m_WasSpriteAssigned: 1
  m_MaskInteraction: 0
  m_SpriteSortPoint: 0
--- !u!95 &4032473872093212488
Animator:
  serializedVersion: 3
  m_ObjectHideFlags: 0
  m_CorrespondingSourceObject: {fileID: 0}
  m_PrefabInstance: {fileID: 0}
  m_PrefabAsset: {fileID: 0}
  m_GameObject: {fileID: 4032473872093212494}
  m_Enabled: 1
  m_Avatar: {fileID: 0}
  m_Controller: {fileID: 9100000, guid: 999b4de8e723de543995ce5abf6fb99c, type: 2}
  m_CullingMode: 0
  m_UpdateMode: 0
  m_ApplyRootMotion: 0
  m_LinearVelocityBlending: 0
  m_WarningMessage: 
  m_HasTransformHierarchy: 1
  m_AllowConstantClipSamplingOptimization: 1
  m_KeepAnimatorControllerStateOnDisable: 0
