%YAML 1.1
%TAG !u! tag:unity3d.com,2011:
--- !u!29 &1
OcclusionCullingSettings:
  m_ObjectHideFlags: 0
  serializedVersion: 2
  m_OcclusionBakeSettings:
    smallestOccluder: 5
    smallestHole: 0.25
    backfaceThreshold: 100
  m_SceneGUID: 00000000000000000000000000000000
  m_OcclusionCullingData: {fileID: 0}
--- !u!104 &2
RenderSettings:
  m_ObjectHideFlags: 0
  serializedVersion: 9
  m_Fog: 0
  m_FogColor: {r: 0.5, g: 0.5, b: 0.5, a: 1}
  m_FogMode: 3
  m_FogDensity: 0.01
  m_LinearFogStart: 0
  m_LinearFogEnd: 300
  m_AmbientSkyColor: {r: 0.212, g: 0.227, b: 0.259, a: 1}
  m_AmbientEquatorColor: {r: 0.114, g: 0.125, b: 0.133, a: 1}
  m_AmbientGroundColor: {r: 0.047, g: 0.043, b: 0.035, a: 1}
  m_AmbientIntensity: 1
  m_AmbientMode: 3
  m_SubtractiveShadowColor: {r: 0.42, g: 0.478, b: 0.627, a: 1}
  m_SkyboxMaterial: {fileID: 0}
  m_HaloStrength: 0.5
  m_FlareStrength: 1
  m_FlareFadeSpeed: 3
  m_HaloTexture: {fileID: 0}
  m_SpotCookie: {fileID: 10001, guid: 0000000000000000e000000000000000, type: 0}
  m_DefaultReflectionMode: 0
  m_DefaultReflectionResolution: 128
  m_ReflectionBounces: 1
  m_ReflectionIntensity: 1
  m_CustomReflection: {fileID: 0}
  m_Sun: {fileID: 0}
  m_IndirectSpecularColor: {r: 0, g: 0, b: 0, a: 1}
  m_UseRadianceAmbientProbe: 0
--- !u!157 &3
LightmapSettings:
  m_ObjectHideFlags: 0
  serializedVersion: 11
  m_GIWorkflowMode: 1
  m_GISettings:
    serializedVersion: 2
    m_BounceScale: 1
    m_IndirectOutputScale: 1
    m_AlbedoBoost: 1
    m_EnvironmentLightingMode: 0
    m_EnableBakedLightmaps: 0
    m_EnableRealtimeLightmaps: 0
  m_LightmapEditorSettings:
    serializedVersion: 12
    m_Resolution: 2
    m_BakeResolution: 40
    m_AtlasSize: 1024
    m_AO: 0
    m_AOMaxDistance: 1
    m_CompAOExponent: 1
    m_CompAOExponentDirect: 0
    m_ExtractAmbientOcclusion: 0
    m_Padding: 2
    m_LightmapParameters: {fileID: 0}
    m_LightmapsBakeMode: 1
    m_TextureCompression: 1
    m_FinalGather: 0
    m_FinalGatherFiltering: 1
    m_FinalGatherRayCount: 256
    m_ReflectionCompression: 2
    m_MixedBakeMode: 2
    m_BakeBackend: 1
    m_PVRSampling: 1
    m_PVRDirectSampleCount: 32
    m_PVRSampleCount: 512
    m_PVRBounces: 2
    m_PVREnvironmentSampleCount: 256
    m_PVREnvironmentReferencePointCount: 2048
    m_PVRFilteringMode: 1
    m_PVRDenoiserTypeDirect: 1
    m_PVRDenoiserTypeIndirect: 1
    m_PVRDenoiserTypeAO: 1
    m_PVRFilterTypeDirect: 0
    m_PVRFilterTypeIndirect: 0
    m_PVRFilterTypeAO: 0
    m_PVREnvironmentMIS: 1
    m_PVRCulling: 1
    m_PVRFilteringGaussRadiusDirect: 1
    m_PVRFilteringGaussRadiusIndirect: 5
    m_PVRFilteringGaussRadiusAO: 2
    m_PVRFilteringAtrousPositionSigmaDirect: 0.5
    m_PVRFilteringAtrousPositionSigmaIndirect: 2
    m_PVRFilteringAtrousPositionSigmaAO: 1
    m_ExportTrainingData: 0
    m_TrainingDataDestination: TrainingData
    m_LightProbeSampleCountMultiplier: 4
  m_LightingDataAsset: {fileID: 0}
  m_UseShadowmask: 1
--- !u!196 &4
NavMeshSettings:
  serializedVersion: 2
  m_ObjectHideFlags: 0
  m_BuildSettings:
    serializedVersion: 2
    agentTypeID: 0
    agentRadius: 0.5
    agentHeight: 2
    agentSlope: 45
    agentClimb: 0.4
    ledgeDropHeight: 0
    maxJumpAcrossDistance: 0
    minRegionArea: 2
    manualCellSize: 0
    cellSize: 0.16666667
    manualTileSize: 0
    tileSize: 256
    accuratePlacement: 0
    debug:
      m_Flags: 0
  m_NavMeshData: {fileID: 0}
--- !u!1001 &148633468
PrefabInstance:
  m_ObjectHideFlags: 0
  serializedVersion: 2
  m_Modification:
    m_TransformParent: {fileID: 0}
    m_Modifications:
    - target: {fileID: 5924039213468463696, guid: 15871e6b9b4ad9f4ab89ecb51bdf0fa3,
        type: 3}
      propertyPath: m_Name
      value: Canvas
      objectReference: {fileID: 0}
    - target: {fileID: 5924039213468463700, guid: 15871e6b9b4ad9f4ab89ecb51bdf0fa3,
        type: 3}
      propertyPath: m_LocalPosition.x
      value: 0
      objectReference: {fileID: 0}
    - target: {fileID: 5924039213468463700, guid: 15871e6b9b4ad9f4ab89ecb51bdf0fa3,
        type: 3}
      propertyPath: m_LocalPosition.y
      value: 0
      objectReference: {fileID: 0}
    - target: {fileID: 5924039213468463700, guid: 15871e6b9b4ad9f4ab89ecb51bdf0fa3,
        type: 3}
      propertyPath: m_LocalPosition.z
      value: 0
      objectReference: {fileID: 0}
    - target: {fileID: 5924039213468463700, guid: 15871e6b9b4ad9f4ab89ecb51bdf0fa3,
        type: 3}
      propertyPath: m_LocalRotation.x
      value: 0
      objectReference: {fileID: 0}
    - target: {fileID: 5924039213468463700, guid: 15871e6b9b4ad9f4ab89ecb51bdf0fa3,
        type: 3}
      propertyPath: m_LocalRotation.y
      value: 0
      objectReference: {fileID: 0}
    - target: {fileID: 5924039213468463700, guid: 15871e6b9b4ad9f4ab89ecb51bdf0fa3,
        type: 3}
      propertyPath: m_LocalRotation.z
      value: 0
      objectReference: {fileID: 0}
    - target: {fileID: 5924039213468463700, guid: 15871e6b9b4ad9f4ab89ecb51bdf0fa3,
        type: 3}
      propertyPath: m_LocalRotation.w
      value: 1
      objectReference: {fileID: 0}
    - target: {fileID: 5924039213468463700, guid: 15871e6b9b4ad9f4ab89ecb51bdf0fa3,
        type: 3}
      propertyPath: m_RootOrder
      value: 4
      objectReference: {fileID: 0}
    - target: {fileID: 5924039213468463700, guid: 15871e6b9b4ad9f4ab89ecb51bdf0fa3,
        type: 3}
      propertyPath: m_LocalEulerAnglesHint.x
      value: 0
      objectReference: {fileID: 0}
    - target: {fileID: 5924039213468463700, guid: 15871e6b9b4ad9f4ab89ecb51bdf0fa3,
        type: 3}
      propertyPath: m_LocalEulerAnglesHint.y
      value: 0
      objectReference: {fileID: 0}
    - target: {fileID: 5924039213468463700, guid: 15871e6b9b4ad9f4ab89ecb51bdf0fa3,
        type: 3}
      propertyPath: m_LocalEulerAnglesHint.z
      value: 0
      objectReference: {fileID: 0}
    - target: {fileID: 5924039213468463700, guid: 15871e6b9b4ad9f4ab89ecb51bdf0fa3,
        type: 3}
      propertyPath: m_AnchoredPosition.x
      value: 0
      objectReference: {fileID: 0}
    - target: {fileID: 5924039213468463700, guid: 15871e6b9b4ad9f4ab89ecb51bdf0fa3,
        type: 3}
      propertyPath: m_AnchoredPosition.y
      value: 0
      objectReference: {fileID: 0}
    - target: {fileID: 5924039213468463700, guid: 15871e6b9b4ad9f4ab89ecb51bdf0fa3,
        type: 3}
      propertyPath: m_SizeDelta.x
      value: 0
      objectReference: {fileID: 0}
    - target: {fileID: 5924039213468463700, guid: 15871e6b9b4ad9f4ab89ecb51bdf0fa3,
        type: 3}
      propertyPath: m_SizeDelta.y
      value: 0
      objectReference: {fileID: 0}
    - target: {fileID: 5924039213468463700, guid: 15871e6b9b4ad9f4ab89ecb51bdf0fa3,
        type: 3}
      propertyPath: m_AnchorMin.x
      value: 0
      objectReference: {fileID: 0}
    - target: {fileID: 5924039213468463700, guid: 15871e6b9b4ad9f4ab89ecb51bdf0fa3,
        type: 3}
      propertyPath: m_AnchorMin.y
      value: 0
      objectReference: {fileID: 0}
    - target: {fileID: 5924039213468463700, guid: 15871e6b9b4ad9f4ab89ecb51bdf0fa3,
        type: 3}
      propertyPath: m_AnchorMax.x
      value: 0
      objectReference: {fileID: 0}
    - target: {fileID: 5924039213468463700, guid: 15871e6b9b4ad9f4ab89ecb51bdf0fa3,
        type: 3}
      propertyPath: m_AnchorMax.y
      value: 0
      objectReference: {fileID: 0}
    - target: {fileID: 5924039213468463700, guid: 15871e6b9b4ad9f4ab89ecb51bdf0fa3,
        type: 3}
      propertyPath: m_Pivot.x
      value: 0
      objectReference: {fileID: 0}
    - target: {fileID: 5924039213468463700, guid: 15871e6b9b4ad9f4ab89ecb51bdf0fa3,
        type: 3}
      propertyPath: m_Pivot.y
      value: 0
      objectReference: {fileID: 0}
    - target: {fileID: 5924039213468463703, guid: 15871e6b9b4ad9f4ab89ecb51bdf0fa3,
        type: 3}
      propertyPath: m_Camera
      value: 
      objectReference: {fileID: 1279260099}
    m_RemovedComponents: []
  m_SourcePrefab: {fileID: 100100000, guid: 15871e6b9b4ad9f4ab89ecb51bdf0fa3, type: 3}
--- !u!1 &148633469 stripped
GameObject:
  m_CorrespondingSourceObject: {fileID: 5924039213643112344, guid: 15871e6b9b4ad9f4ab89ecb51bdf0fa3,
    type: 3}
  m_PrefabInstance: {fileID: 148633468}
  m_PrefabAsset: {fileID: 0}
--- !u!1 &148633470 stripped
GameObject:
  m_CorrespondingSourceObject: {fileID: 5924039214332817268, guid: 15871e6b9b4ad9f4ab89ecb51bdf0fa3,
    type: 3}
  m_PrefabInstance: {fileID: 148633468}
  m_PrefabAsset: {fileID: 0}
--- !u!1 &148633471 stripped
GameObject:
  m_CorrespondingSourceObject: {fileID: 5924039214141569849, guid: 15871e6b9b4ad9f4ab89ecb51bdf0fa3,
    type: 3}
  m_PrefabInstance: {fileID: 148633468}
  m_PrefabAsset: {fileID: 0}
--- !u!1 &148633472 stripped
GameObject:
  m_CorrespondingSourceObject: {fileID: 5924039213938304063, guid: 15871e6b9b4ad9f4ab89ecb51bdf0fa3,
    type: 3}
  m_PrefabInstance: {fileID: 148633468}
  m_PrefabAsset: {fileID: 0}
--- !u!1 &321018844 stripped
GameObject:
  m_CorrespondingSourceObject: {fileID: 5715768835084531211, guid: c85dc7de4518b4349801da2854f0c484,
    type: 3}
  m_PrefabInstance: {fileID: 848877043}
  m_PrefabAsset: {fileID: 0}
--- !u!95 &321018845
Animator:
  serializedVersion: 3
  m_ObjectHideFlags: 0
  m_CorrespondingSourceObject: {fileID: 0}
  m_PrefabInstance: {fileID: 0}
  m_PrefabAsset: {fileID: 0}
  m_GameObject: {fileID: 321018844}
  m_Enabled: 1
  m_Avatar: {fileID: 0}
  m_Controller: {fileID: 9100000, guid: 999b4de8e723de543995ce5abf6fb99c, type: 2}
  m_CullingMode: 0
  m_UpdateMode: 0
  m_ApplyRootMotion: 0
  m_LinearVelocityBlending: 0
  m_WarningMessage: 
  m_HasTransformHierarchy: 1
  m_AllowConstantClipSamplingOptimization: 1
  m_KeepAnimatorControllerStateOnDisable: 0
--- !u!1 &557727483 stripped
GameObject:
  m_CorrespondingSourceObject: {fileID: 5715768833632230419, guid: c85dc7de4518b4349801da2854f0c484,
    type: 3}
  m_PrefabInstance: {fileID: 848877043}
  m_PrefabAsset: {fileID: 0}
--- !u!95 &557727484
Animator:
  serializedVersion: 3
  m_ObjectHideFlags: 0
  m_CorrespondingSourceObject: {fileID: 0}
  m_PrefabInstance: {fileID: 0}
  m_PrefabAsset: {fileID: 0}
  m_GameObject: {fileID: 557727483}
  m_Enabled: 1
  m_Avatar: {fileID: 0}
  m_Controller: {fileID: 9100000, guid: 999b4de8e723de543995ce5abf6fb99c, type: 2}
  m_CullingMode: 0
  m_UpdateMode: 0
  m_ApplyRootMotion: 0
  m_LinearVelocityBlending: 0
  m_WarningMessage: 
  m_HasTransformHierarchy: 1
  m_AllowConstantClipSamplingOptimization: 1
  m_KeepAnimatorControllerStateOnDisable: 0
--- !u!1001 &848877043
PrefabInstance:
  m_ObjectHideFlags: 0
  serializedVersion: 2
  m_Modification:
    m_TransformParent: {fileID: 0}
    m_Modifications:
    - target: {fileID: 5715768833589097107, guid: c85dc7de4518b4349801da2854f0c484,
        type: 3}
      propertyPath: m_LocalPosition.y
      value: 0.99
      objectReference: {fileID: 0}
    - target: {fileID: 5715768833589097107, guid: c85dc7de4518b4349801da2854f0c484,
        type: 3}
      propertyPath: m_LocalPosition.x
      value: 4.7
      objectReference: {fileID: 0}
    - target: {fileID: 5715768833856196029, guid: c85dc7de4518b4349801da2854f0c484,
        type: 3}
      propertyPath: m_LocalPosition.x
      value: -5.41
      objectReference: {fileID: 0}
    - target: {fileID: 5715768833856196029, guid: c85dc7de4518b4349801da2854f0c484,
        type: 3}
      propertyPath: m_LocalPosition.y
      value: -2.32
      objectReference: {fileID: 0}
    - target: {fileID: 5715768833911806218, guid: c85dc7de4518b4349801da2854f0c484,
        type: 3}
      propertyPath: m_LocalPosition.x
      value: 0
      objectReference: {fileID: 0}
    - target: {fileID: 5715768833911806218, guid: c85dc7de4518b4349801da2854f0c484,
        type: 3}
      propertyPath: m_LocalPosition.y
      value: 0
      objectReference: {fileID: 0}
    - target: {fileID: 5715768833911806218, guid: c85dc7de4518b4349801da2854f0c484,
        type: 3}
      propertyPath: m_LocalPosition.z
      value: 0
      objectReference: {fileID: 0}
    - target: {fileID: 5715768833911806218, guid: c85dc7de4518b4349801da2854f0c484,
        type: 3}
      propertyPath: m_LocalRotation.x
      value: 0
      objectReference: {fileID: 0}
    - target: {fileID: 5715768833911806218, guid: c85dc7de4518b4349801da2854f0c484,
        type: 3}
      propertyPath: m_LocalRotation.y
      value: 0
      objectReference: {fileID: 0}
    - target: {fileID: 5715768833911806218, guid: c85dc7de4518b4349801da2854f0c484,
        type: 3}
      propertyPath: m_LocalRotation.z
      value: 0
      objectReference: {fileID: 0}
    - target: {fileID: 5715768833911806218, guid: c85dc7de4518b4349801da2854f0c484,
        type: 3}
      propertyPath: m_LocalRotation.w
      value: 1
      objectReference: {fileID: 0}
    - target: {fileID: 5715768833911806218, guid: c85dc7de4518b4349801da2854f0c484,
        type: 3}
      propertyPath: m_RootOrder
      value: 3
      objectReference: {fileID: 0}
    - target: {fileID: 5715768833911806218, guid: c85dc7de4518b4349801da2854f0c484,
        type: 3}
      propertyPath: m_LocalEulerAnglesHint.x
      value: 0
      objectReference: {fileID: 0}
    - target: {fileID: 5715768833911806218, guid: c85dc7de4518b4349801da2854f0c484,
        type: 3}
      propertyPath: m_LocalEulerAnglesHint.y
      value: 0
      objectReference: {fileID: 0}
    - target: {fileID: 5715768833911806218, guid: c85dc7de4518b4349801da2854f0c484,
        type: 3}
      propertyPath: m_LocalEulerAnglesHint.z
      value: 0
      objectReference: {fileID: 0}
    - target: {fileID: 5715768833911806219, guid: c85dc7de4518b4349801da2854f0c484,
        type: 3}
      propertyPath: m_Name
      value: Map
      objectReference: {fileID: 0}
    - target: {fileID: 5715768834293834080, guid: c85dc7de4518b4349801da2854f0c484,
        type: 3}
      propertyPath: m_LocalPosition.y
      value: -5.19
      objectReference: {fileID: 0}
    - target: {fileID: 5715768834293834080, guid: c85dc7de4518b4349801da2854f0c484,
        type: 3}
      propertyPath: m_LocalPosition.x
      value: -1.65
      objectReference: {fileID: 0}
    - target: {fileID: 5715768834305368144, guid: c85dc7de4518b4349801da2854f0c484,
        type: 3}
      propertyPath: m_LocalPosition.y
      value: -3.13
      objectReference: {fileID: 0}
    - target: {fileID: 5715768834305368144, guid: c85dc7de4518b4349801da2854f0c484,
        type: 3}
      propertyPath: m_LocalPosition.x
      value: -7.76
      objectReference: {fileID: 0}
    - target: {fileID: 5715768834328969651, guid: c85dc7de4518b4349801da2854f0c484,
        type: 3}
      propertyPath: m_LocalPosition.y
      value: -2.078
      objectReference: {fileID: 0}
    - target: {fileID: 5715768834328969651, guid: c85dc7de4518b4349801da2854f0c484,
        type: 3}
      propertyPath: m_LocalPosition.x
      value: 1.38
      objectReference: {fileID: 0}
    - target: {fileID: 5715768834546025227, guid: c85dc7de4518b4349801da2854f0c484,
        type: 3}
      propertyPath: m_LocalPosition.x
      value: -6.8
      objectReference: {fileID: 0}
    - target: {fileID: 5715768834546025227, guid: c85dc7de4518b4349801da2854f0c484,
        type: 3}
      propertyPath: m_LocalPosition.y
      value: -0.79
      objectReference: {fileID: 0}
    - target: {fileID: 5715768834569598564, guid: c85dc7de4518b4349801da2854f0c484,
        type: 3}
      propertyPath: m_LocalPosition.y
      value: -5.93
      objectReference: {fileID: 0}
    - target: {fileID: 5715768834569598564, guid: c85dc7de4518b4349801da2854f0c484,
        type: 3}
      propertyPath: m_LocalPosition.x
      value: -8.18
      objectReference: {fileID: 0}
    - target: {fileID: 5715768834569598565, guid: c85dc7de4518b4349801da2854f0c484,
        type: 3}
      propertyPath: m_Materials.Array.data[0]
      value: 
      objectReference: {fileID: 2100000, guid: 6b49fcad9e055a348b50330a22f829d6, type: 2}
    - target: {fileID: 5715768835029992624, guid: c85dc7de4518b4349801da2854f0c484,
        type: 3}
      propertyPath: m_LocalPosition.y
      value: -2.17
      objectReference: {fileID: 0}
    - target: {fileID: 5715768835029992624, guid: c85dc7de4518b4349801da2854f0c484,
        type: 3}
      propertyPath: m_LocalPosition.x
      value: 7.24
      objectReference: {fileID: 0}
    - target: {fileID: 5715768835108739928, guid: c85dc7de4518b4349801da2854f0c484,
        type: 3}
      propertyPath: victoryObject
      value: 
      objectReference: {fileID: 1386811987}
    - target: {fileID: 5715768835108739928, guid: c85dc7de4518b4349801da2854f0c484,
        type: 3}
      propertyPath: uiEndLevel
      value: 
      objectReference: {fileID: 148633472}
    - target: {fileID: 5715768835108739928, guid: c85dc7de4518b4349801da2854f0c484,
        type: 3}
      propertyPath: coin1
      value: 
      objectReference: {fileID: 148633471}
    - target: {fileID: 5715768835108739928, guid: c85dc7de4518b4349801da2854f0c484,
        type: 3}
      propertyPath: coin2
      value: 
      objectReference: {fileID: 148633470}
    - target: {fileID: 5715768835108739928, guid: c85dc7de4518b4349801da2854f0c484,
        type: 3}
      propertyPath: coin3
      value: 
      objectReference: {fileID: 148633469}
    - target: {fileID: 5715768835108739928, guid: c85dc7de4518b4349801da2854f0c484,
        type: 3}
      propertyPath: nextLevel
      value: Level1
      objectReference: {fileID: 0}
    - target: {fileID: 5715768835108739929, guid: c85dc7de4518b4349801da2854f0c484,
        type: 3}
      propertyPath: m_LocalRotation.z
      value: 0.7073564
      objectReference: {fileID: 0}
    - target: {fileID: 5715768835108739929, guid: c85dc7de4518b4349801da2854f0c484,
        type: 3}
      propertyPath: m_LocalRotation.w
      value: 0.7068571
      objectReference: {fileID: 0}
    - target: {fileID: 5715768835108739929, guid: c85dc7de4518b4349801da2854f0c484,
        type: 3}
      propertyPath: m_LocalEulerAnglesHint.z
      value: 90.04
      objectReference: {fileID: 0}
    - target: {fileID: 5715768835108739929, guid: c85dc7de4518b4349801da2854f0c484,
        type: 3}
      propertyPath: m_LocalPosition.y
      value: -3.328
      objectReference: {fileID: 0}
    - target: {fileID: 5715768835108739929, guid: c85dc7de4518b4349801da2854f0c484,
        type: 3}
      propertyPath: m_LocalPosition.x
      value: 6.706
      objectReference: {fileID: 0}
    - target: {fileID: 5715768835327227047, guid: c85dc7de4518b4349801da2854f0c484,
        type: 3}
      propertyPath: m_LocalPosition.y
      value: -5.54
      objectReference: {fileID: 0}
    - target: {fileID: 5715768835327227047, guid: c85dc7de4518b4349801da2854f0c484,
        type: 3}
      propertyPath: m_LocalPosition.x
      value: 7.38
      objectReference: {fileID: 0}
    - target: {fileID: 5715768835381988089, guid: c85dc7de4518b4349801da2854f0c484,
        type: 3}
      propertyPath: m_LocalPosition.x
      value: 8.23
      objectReference: {fileID: 0}
    - target: {fileID: 5715768835381988089, guid: c85dc7de4518b4349801da2854f0c484,
        type: 3}
      propertyPath: m_LocalPosition.y
      value: -2.17
      objectReference: {fileID: 0}
    m_RemovedComponents: []
  m_SourcePrefab: {fileID: 100100000, guid: c85dc7de4518b4349801da2854f0c484, type: 3}
--- !u!1 &848877044 stripped
GameObject:
  m_CorrespondingSourceObject: {fileID: 5715768835029992627, guid: c85dc7de4518b4349801da2854f0c484,
    type: 3}
  m_PrefabInstance: {fileID: 848877043}
  m_PrefabAsset: {fileID: 0}
--- !u!1 &848877046 stripped
GameObject:
  m_CorrespondingSourceObject: {fileID: 5715768834293834083, guid: c85dc7de4518b4349801da2854f0c484,
    type: 3}
  m_PrefabInstance: {fileID: 848877043}
  m_PrefabAsset: {fileID: 0}
--- !u!1 &848877047 stripped
GameObject:
  m_CorrespondingSourceObject: {fileID: 5715768833856196024, guid: c85dc7de4518b4349801da2854f0c484,
    type: 3}
  m_PrefabInstance: {fileID: 848877043}
  m_PrefabAsset: {fileID: 0}
--- !u!1 &848877048 stripped
GameObject:
  m_CorrespondingSourceObject: {fileID: 5715768835327227042, guid: c85dc7de4518b4349801da2854f0c484,
    type: 3}
  m_PrefabInstance: {fileID: 848877043}
  m_PrefabAsset: {fileID: 0}
--- !u!1 &848877049 stripped
GameObject:
  m_CorrespondingSourceObject: {fileID: 5715768834569598567, guid: c85dc7de4518b4349801da2854f0c484,
    type: 3}
  m_PrefabInstance: {fileID: 848877043}
  m_PrefabAsset: {fileID: 0}
--- !u!1 &848877050 stripped
GameObject:
  m_CorrespondingSourceObject: {fileID: 5715768833589097198, guid: c85dc7de4518b4349801da2854f0c484,
    type: 3}
  m_PrefabInstance: {fileID: 848877043}
  m_PrefabAsset: {fileID: 0}
--- !u!1 &910778314 stripped
GameObject:
  m_CorrespondingSourceObject: {fileID: 5715768835185435418, guid: c85dc7de4518b4349801da2854f0c484,
    type: 3}
  m_PrefabInstance: {fileID: 848877043}
  m_PrefabAsset: {fileID: 0}
--- !u!95 &910778315
Animator:
  serializedVersion: 3
  m_ObjectHideFlags: 0
  m_CorrespondingSourceObject: {fileID: 0}
  m_PrefabInstance: {fileID: 0}
  m_PrefabAsset: {fileID: 0}
  m_GameObject: {fileID: 910778314}
  m_Enabled: 1
  m_Avatar: {fileID: 0}
  m_Controller: {fileID: 9100000, guid: 999b4de8e723de543995ce5abf6fb99c, type: 2}
  m_CullingMode: 0
  m_UpdateMode: 0
  m_ApplyRootMotion: 0
  m_LinearVelocityBlending: 0
  m_WarningMessage: 
  m_HasTransformHierarchy: 1
  m_AllowConstantClipSamplingOptimization: 1
  m_KeepAnimatorControllerStateOnDisable: 0
--- !u!1001 &1245818708
PrefabInstance:
  m_ObjectHideFlags: 0
  serializedVersion: 2
  m_Modification:
    m_TransformParent: {fileID: 0}
    m_Modifications:
    - target: {fileID: 3431492556560704048, guid: 4aaae53535fa9b041b3ca2468c853c3d,
        type: 3}
      propertyPath: m_Name
      value: space
      objectReference: {fileID: 0}
    - target: {fileID: 3431492556560704062, guid: 4aaae53535fa9b041b3ca2468c853c3d,
        type: 3}
      propertyPath: m_LocalPosition.x
      value: 0
      objectReference: {fileID: 0}
    - target: {fileID: 3431492556560704062, guid: 4aaae53535fa9b041b3ca2468c853c3d,
        type: 3}
      propertyPath: m_LocalPosition.y
      value: 0
      objectReference: {fileID: 0}
    - target: {fileID: 3431492556560704062, guid: 4aaae53535fa9b041b3ca2468c853c3d,
        type: 3}
      propertyPath: m_LocalPosition.z
      value: 0
      objectReference: {fileID: 0}
    - target: {fileID: 3431492556560704062, guid: 4aaae53535fa9b041b3ca2468c853c3d,
        type: 3}
      propertyPath: m_LocalRotation.x
      value: 0
      objectReference: {fileID: 0}
    - target: {fileID: 3431492556560704062, guid: 4aaae53535fa9b041b3ca2468c853c3d,
        type: 3}
      propertyPath: m_LocalRotation.y
      value: 0
      objectReference: {fileID: 0}
    - target: {fileID: 3431492556560704062, guid: 4aaae53535fa9b041b3ca2468c853c3d,
        type: 3}
      propertyPath: m_LocalRotation.z
      value: 0
      objectReference: {fileID: 0}
    - target: {fileID: 3431492556560704062, guid: 4aaae53535fa9b041b3ca2468c853c3d,
        type: 3}
      propertyPath: m_LocalRotation.w
      value: 1
      objectReference: {fileID: 0}
    - target: {fileID: 3431492556560704062, guid: 4aaae53535fa9b041b3ca2468c853c3d,
        type: 3}
      propertyPath: m_RootOrder
      value: 2
      objectReference: {fileID: 0}
    - target: {fileID: 3431492556560704062, guid: 4aaae53535fa9b041b3ca2468c853c3d,
        type: 3}
      propertyPath: m_LocalEulerAnglesHint.x
      value: 0
      objectReference: {fileID: 0}
    - target: {fileID: 3431492556560704062, guid: 4aaae53535fa9b041b3ca2468c853c3d,
        type: 3}
      propertyPath: m_LocalEulerAnglesHint.y
      value: 0
      objectReference: {fileID: 0}
    - target: {fileID: 3431492556560704062, guid: 4aaae53535fa9b041b3ca2468c853c3d,
        type: 3}
      propertyPath: m_LocalEulerAnglesHint.z
      value: 0
      objectReference: {fileID: 0}
    m_RemovedComponents: []
  m_SourcePrefab: {fileID: 100100000, guid: 4aaae53535fa9b041b3ca2468c853c3d, type: 3}
--- !u!1 &1279260098
GameObject:
  m_ObjectHideFlags: 0
  m_CorrespondingSourceObject: {fileID: 0}
  m_PrefabInstance: {fileID: 0}
  m_PrefabAsset: {fileID: 0}
  serializedVersion: 6
  m_Component:
  - component: {fileID: 1279260101}
  - component: {fileID: 1279260099}
  - component: {fileID: 1279260100}
  - component: {fileID: 1279260102}
  m_Layer: 8
  m_Name: Main Camera
  m_TagString: MainCamera
  m_Icon: {fileID: 0}
  m_NavMeshLayer: 0
  m_StaticEditorFlags: 0
  m_IsActive: 1
--- !u!20 &1279260099
Camera:
  m_ObjectHideFlags: 0
  m_CorrespondingSourceObject: {fileID: 0}
  m_PrefabInstance: {fileID: 0}
  m_PrefabAsset: {fileID: 0}
  m_GameObject: {fileID: 1279260098}
  m_Enabled: 1
  serializedVersion: 2
  m_ClearFlags: 1
  m_BackGroundColor: {r: 0, g: 0, b: 0, a: 0}
  m_projectionMatrixMode: 1
  m_GateFitMode: 2
  m_FOVAxisMode: 0
  m_SensorSize: {x: 36, y: 24}
  m_LensShift: {x: 0, y: 0}
  m_FocalLength: 50
  m_NormalizedViewPortRect:
    serializedVersion: 2
    x: 0
    y: 0
    width: 1
    height: 1
  near clip plane: 0.3
  far clip plane: 1000
  field of view: 60
  orthographic: 1
  orthographic size: 5
  m_Depth: -1
  m_CullingMask:
    serializedVersion: 2
    m_Bits: 4294967295
  m_RenderingPath: -1
  m_TargetTexture: {fileID: 0}
  m_TargetDisplay: 0
  m_TargetEye: 3
  m_HDR: 1
  m_AllowMSAA: 1
  m_AllowDynamicResolution: 0
  m_ForceIntoRT: 0
  m_OcclusionCulling: 1
  m_StereoConvergence: 10
  m_StereoSeparation: 0.022
--- !u!81 &1279260100
AudioListener:
  m_ObjectHideFlags: 0
  m_CorrespondingSourceObject: {fileID: 0}
  m_PrefabInstance: {fileID: 0}
  m_PrefabAsset: {fileID: 0}
  m_GameObject: {fileID: 1279260098}
  m_Enabled: 1
--- !u!4 &1279260101
Transform:
  m_ObjectHideFlags: 0
  m_CorrespondingSourceObject: {fileID: 0}
  m_PrefabInstance: {fileID: 0}
  m_PrefabAsset: {fileID: 0}
  m_GameObject: {fileID: 1279260098}
  m_LocalRotation: {x: 0, y: 0, z: 0, w: 1}
  m_LocalPosition: {x: 0, y: 0, z: -10}
  m_LocalScale: {x: 1, y: 1, z: 1}
  m_Children: []
  m_Father: {fileID: 0}
  m_RootOrder: 1
  m_LocalEulerAnglesHint: {x: 0, y: 0, z: 0}
--- !u!114 &1279260102
MonoBehaviour:
  m_ObjectHideFlags: 0
  m_CorrespondingSourceObject: {fileID: 0}
  m_PrefabInstance: {fileID: 0}
  m_PrefabAsset: {fileID: 0}
  m_GameObject: {fileID: 1279260098}
  m_Enabled: 1
  m_EditorHideFlags: 0
  m_Script: {fileID: 11500000, guid: 948f4100a11a5c24981795d21301da5c, type: 3}
  m_Name: 
  m_EditorClassIdentifier: 
  volumeTrigger: {fileID: 1279260101}
  volumeLayer:
    serializedVersion: 2
    m_Bits: 256
  stopNaNPropagation: 1
  finalBlitToCameraTarget: 0
  antialiasingMode: 1
  temporalAntialiasing:
    jitterSpread: 0.75
    sharpness: 0.25
    stationaryBlending: 0.95
    motionBlending: 0.85
  subpixelMorphologicalAntialiasing:
    quality: 2
  fastApproximateAntialiasing:
    fastMode: 0
    keepAlpha: 0
  fog:
    enabled: 1
    excludeSkybox: 1
  debugLayer:
    lightMeter:
      width: 512
      height: 256
      showCurves: 1
    histogram:
      width: 512
      height: 256
      channel: 3
    waveform:
      exposure: 0.12
      height: 256
    vectorscope:
      size: 256
      exposure: 0.12
    overlaySettings:
      linearDepth: 0
      motionColorIntensity: 4
      motionGridSize: 64
      colorBlindnessType: 0
      colorBlindnessStrength: 1
  m_Resources: {fileID: 11400000, guid: d82512f9c8e5d4a4d938b575d47f88d4, type: 2}
  m_ShowToolkit: 0
  m_ShowCustomSorter: 0
  breakBeforeColorGrading: 0
  m_BeforeTransparentBundles: []
  m_BeforeStackBundles: []
  m_AfterStackBundles: []
--- !u!1001 &1386811986
PrefabInstance:
  m_ObjectHideFlags: 0
  serializedVersion: 2
  m_Modification:
    m_TransformParent: {fileID: 0}
    m_Modifications:
    - target: {fileID: 7692595359683114872, guid: 3689607b46f17484e98f6df359add833,
        type: 3}
      propertyPath: m_Name
      value: EndGameObject
      objectReference: {fileID: 0}
    - target: {fileID: 7692595359683114875, guid: 3689607b46f17484e98f6df359add833,
        type: 3}
      propertyPath: m_LocalPosition.x
      value: 0
      objectReference: {fileID: 0}
    - target: {fileID: 7692595359683114875, guid: 3689607b46f17484e98f6df359add833,
        type: 3}
      propertyPath: m_LocalPosition.y
      value: 1.99
      objectReference: {fileID: 0}
    - target: {fileID: 7692595359683114875, guid: 3689607b46f17484e98f6df359add833,
        type: 3}
      propertyPath: m_LocalPosition.z
      value: 0
      objectReference: {fileID: 0}
    - target: {fileID: 7692595359683114875, guid: 3689607b46f17484e98f6df359add833,
        type: 3}
      propertyPath: m_LocalRotation.x
      value: 0
      objectReference: {fileID: 0}
    - target: {fileID: 7692595359683114875, guid: 3689607b46f17484e98f6df359add833,
        type: 3}
      propertyPath: m_LocalRotation.y
      value: 0
      objectReference: {fileID: 0}
    - target: {fileID: 7692595359683114875, guid: 3689607b46f17484e98f6df359add833,
        type: 3}
      propertyPath: m_LocalRotation.z
      value: 0
      objectReference: {fileID: 0}
    - target: {fileID: 7692595359683114875, guid: 3689607b46f17484e98f6df359add833,
        type: 3}
      propertyPath: m_LocalRotation.w
      value: 1
      objectReference: {fileID: 0}
    - target: {fileID: 7692595359683114875, guid: 3689607b46f17484e98f6df359add833,
        type: 3}
      propertyPath: m_RootOrder
      value: 6
      objectReference: {fileID: 0}
    - target: {fileID: 7692595359683114875, guid: 3689607b46f17484e98f6df359add833,
        type: 3}
      propertyPath: m_LocalEulerAnglesHint.x
      value: 0
      objectReference: {fileID: 0}
    - target: {fileID: 7692595359683114875, guid: 3689607b46f17484e98f6df359add833,
        type: 3}
      propertyPath: m_LocalEulerAnglesHint.y
      value: 0
      objectReference: {fileID: 0}
    - target: {fileID: 7692595359683114875, guid: 3689607b46f17484e98f6df359add833,
        type: 3}
      propertyPath: m_LocalEulerAnglesHint.z
      value: 0
      objectReference: {fileID: 0}
    m_RemovedComponents: []
  m_SourcePrefab: {fileID: 100100000, guid: 3689607b46f17484e98f6df359add833, type: 3}
--- !u!1 &1386811987 stripped
GameObject:
  m_CorrespondingSourceObject: {fileID: 7692595359683114872, guid: 3689607b46f17484e98f6df359add833,
    type: 3}
  m_PrefabInstance: {fileID: 1386811986}
  m_PrefabAsset: {fileID: 0}
--- !u!114 &1395857860 stripped
MonoBehaviour:
  m_CorrespondingSourceObject: {fileID: 6587871929539722642, guid: 15871e6b9b4ad9f4ab89ecb51bdf0fa3,
    type: 3}
  m_PrefabInstance: {fileID: 148633468}
  m_PrefabAsset: {fileID: 0}
  m_GameObject: {fileID: 0}
  m_Enabled: 1
  m_EditorHideFlags: 0
  m_Script: {fileID: 11500000, guid: f4688fdb7df04437aeb418b961361dc5, type: 3}
  m_Name: 
  m_EditorClassIdentifier: 
--- !u!1 &1544444403 stripped
GameObject:
  m_CorrespondingSourceObject: {fileID: 5715768834678755303, guid: c85dc7de4518b4349801da2854f0c484,
    type: 3}
  m_PrefabInstance: {fileID: 848877043}
  m_PrefabAsset: {fileID: 0}
--- !u!95 &1544444404
Animator:
  serializedVersion: 3
  m_ObjectHideFlags: 0
  m_CorrespondingSourceObject: {fileID: 0}
  m_PrefabInstance: {fileID: 0}
  m_PrefabAsset: {fileID: 0}
  m_GameObject: {fileID: 1544444403}
  m_Enabled: 1
  m_Avatar: {fileID: 0}
  m_Controller: {fileID: 9100000, guid: 999b4de8e723de543995ce5abf6fb99c, type: 2}
  m_CullingMode: 0
  m_UpdateMode: 0
  m_ApplyRootMotion: 0
  m_LinearVelocityBlending: 0
  m_WarningMessage: 
  m_HasTransformHierarchy: 1
  m_AllowConstantClipSamplingOptimization: 1
  m_KeepAnimatorControllerStateOnDisable: 0
--- !u!1 &1547807019 stripped
GameObject:
  m_CorrespondingSourceObject: {fileID: 1789915413166386219, guid: 64b5b6b77e16eea47bafb31caadc824c,
    type: 3}
  m_PrefabInstance: {fileID: 1789915413900346624}
  m_PrefabAsset: {fileID: 0}
--- !u!58 &1547807020
CircleCollider2D:
  m_ObjectHideFlags: 0
  m_CorrespondingSourceObject: {fileID: 0}
  m_PrefabInstance: {fileID: 0}
  m_PrefabAsset: {fileID: 0}
  m_GameObject: {fileID: 1547807019}
  m_Enabled: 1
  m_Density: 1
  m_Material: {fileID: 0}
  m_IsTrigger: 1
  m_UsedByEffector: 0
  m_UsedByComposite: 0
  m_Offset: {x: 0, y: 0}
  serializedVersion: 2
  m_Radius: 1.28
--- !u!1001 &1569845493
PrefabInstance:
  m_ObjectHideFlags: 0
  serializedVersion: 2
  m_Modification:
    m_TransformParent: {fileID: 0}
    m_Modifications:
    - target: {fileID: 5976044531737770051, guid: 287d3a97903e130498958d9413869329,
        type: 3}
      propertyPath: m_Name
      value: Player
      objectReference: {fileID: 0}
    - target: {fileID: 5976044531737770056, guid: 287d3a97903e130498958d9413869329,
        type: 3}
      propertyPath: m_LocalPosition.x
      value: -7.97
      objectReference: {fileID: 0}
    - target: {fileID: 5976044531737770056, guid: 287d3a97903e130498958d9413869329,
        type: 3}
      propertyPath: m_LocalPosition.y
      value: -2.96
      objectReference: {fileID: 0}
    - target: {fileID: 5976044531737770056, guid: 287d3a97903e130498958d9413869329,
        type: 3}
      propertyPath: m_LocalPosition.z
      value: 0
      objectReference: {fileID: 0}
    - target: {fileID: 5976044531737770056, guid: 287d3a97903e130498958d9413869329,
        type: 3}
      propertyPath: m_LocalRotation.x
      value: 0
      objectReference: {fileID: 0}
    - target: {fileID: 5976044531737770056, guid: 287d3a97903e130498958d9413869329,
        type: 3}
      propertyPath: m_LocalRotation.y
      value: 0
      objectReference: {fileID: 0}
    - target: {fileID: 5976044531737770056, guid: 287d3a97903e130498958d9413869329,
        type: 3}
      propertyPath: m_LocalRotation.z
      value: 0
      objectReference: {fileID: 0}
    - target: {fileID: 5976044531737770056, guid: 287d3a97903e130498958d9413869329,
        type: 3}
      propertyPath: m_LocalRotation.w
      value: 1
      objectReference: {fileID: 0}
    - target: {fileID: 5976044531737770056, guid: 287d3a97903e130498958d9413869329,
        type: 3}
      propertyPath: m_RootOrder
      value: 5
      objectReference: {fileID: 0}
    - target: {fileID: 5976044531737770056, guid: 287d3a97903e130498958d9413869329,
        type: 3}
      propertyPath: m_LocalEulerAnglesHint.x
      value: 0
      objectReference: {fileID: 0}
    - target: {fileID: 5976044531737770056, guid: 287d3a97903e130498958d9413869329,
        type: 3}
      propertyPath: m_LocalEulerAnglesHint.y
      value: 0
      objectReference: {fileID: 0}
    - target: {fileID: 5976044531737770056, guid: 287d3a97903e130498958d9413869329,
        type: 3}
      propertyPath: m_LocalEulerAnglesHint.z
      value: 0
      objectReference: {fileID: 0}
    - target: {fileID: 5976044531737770057, guid: 287d3a97903e130498958d9413869329,
        type: 3}
      propertyPath: textTimer
      value: 
      objectReference: {fileID: 1395857860}
    - target: {fileID: 5976044531737770060, guid: 287d3a97903e130498958d9413869329,
        type: 3}
      propertyPath: planets.Array.size
      value: 7
      objectReference: {fileID: 0}
    - target: {fileID: 5976044531737770060, guid: 287d3a97903e130498958d9413869329,
        type: 3}
      propertyPath: planets.Array.data[0]
      value: 
      objectReference: {fileID: 848877050}
    - target: {fileID: 5976044531737770060, guid: 287d3a97903e130498958d9413869329,
        type: 3}
      propertyPath: planets.Array.data[1]
      value: 
      objectReference: {fileID: 848877049}
    - target: {fileID: 5976044531737770060, guid: 287d3a97903e130498958d9413869329,
        type: 3}
      propertyPath: planets.Array.data[2]
      value: 
      objectReference: {fileID: 848877048}
    - target: {fileID: 5976044531737770060, guid: 287d3a97903e130498958d9413869329,
        type: 3}
      propertyPath: planets.Array.data[3]
      value: 
      objectReference: {fileID: 848877047}
    - target: {fileID: 5976044531737770060, guid: 287d3a97903e130498958d9413869329,
        type: 3}
      propertyPath: planets.Array.data[4]
      value: 
      objectReference: {fileID: 848877046}
    - target: {fileID: 5976044531737770060, guid: 287d3a97903e130498958d9413869329,
        type: 3}
      propertyPath: planets.Array.data[5]
      value: 
      objectReference: {fileID: 848877044}
    - target: {fileID: 5976044531737770060, guid: 287d3a97903e130498958d9413869329,
        type: 3}
      propertyPath: planets.Array.data[6]
      value: 
      objectReference: {fileID: 1547807019}
    m_RemovedComponents: []
  m_SourcePrefab: {fileID: 100100000, guid: 287d3a97903e130498958d9413869329, type: 3}
--- !u!4 &1767649541 stripped
Transform:
  m_CorrespondingSourceObject: {fileID: 5715768833856209591, guid: c85dc7de4518b4349801da2854f0c484,
    type: 3}
  m_PrefabInstance: {fileID: 848877043}
  m_PrefabAsset: {fileID: 0}
--- !u!1 &1972145975 stripped
GameObject:
  m_CorrespondingSourceObject: {fileID: 5715768834488689665, guid: c85dc7de4518b4349801da2854f0c484,
    type: 3}
  m_PrefabInstance: {fileID: 848877043}
  m_PrefabAsset: {fileID: 0}
--- !u!95 &1972145976
Animator:
  serializedVersion: 3
  m_ObjectHideFlags: 0
  m_CorrespondingSourceObject: {fileID: 0}
  m_PrefabInstance: {fileID: 0}
  m_PrefabAsset: {fileID: 0}
  m_GameObject: {fileID: 1972145975}
  m_Enabled: 1
  m_Avatar: {fileID: 0}
  m_Controller: {fileID: 9100000, guid: 999b4de8e723de543995ce5abf6fb99c, type: 2}
  m_CullingMode: 0
  m_UpdateMode: 0
  m_ApplyRootMotion: 0
  m_LinearVelocityBlending: 0
  m_WarningMessage: 
  m_HasTransformHierarchy: 1
  m_AllowConstantClipSamplingOptimization: 1
  m_KeepAnimatorControllerStateOnDisable: 0
--- !u!1 &2142132556
GameObject:
  m_ObjectHideFlags: 0
  m_CorrespondingSourceObject: {fileID: 0}
  m_PrefabInstance: {fileID: 0}
  m_PrefabAsset: {fileID: 0}
  serializedVersion: 6
  m_Component:
  - component: {fileID: 2142132559}
  - component: {fileID: 2142132558}
  - component: {fileID: 2142132557}
  m_Layer: 0
  m_Name: EventSystem
  m_TagString: Untagged
  m_Icon: {fileID: 0}
  m_NavMeshLayer: 0
  m_StaticEditorFlags: 0
  m_IsActive: 1
--- !u!114 &2142132557
MonoBehaviour:
  m_ObjectHideFlags: 0
  m_CorrespondingSourceObject: {fileID: 0}
  m_PrefabInstance: {fileID: 0}
  m_PrefabAsset: {fileID: 0}
  m_GameObject: {fileID: 2142132556}
  m_Enabled: 1
  m_EditorHideFlags: 0
  m_Script: {fileID: 11500000, guid: 4f231c4fb786f3946a6b90b886c48677, type: 3}
  m_Name: 
  m_EditorClassIdentifier: 
  m_HorizontalAxis: Horizontal
  m_VerticalAxis: Vertical
  m_SubmitButton: Submit
  m_CancelButton: Cancel
  m_InputActionsPerSecond: 10
  m_RepeatDelay: 0.5
  m_ForceModuleActive: 0
--- !u!114 &2142132558
MonoBehaviour:
  m_ObjectHideFlags: 0
  m_CorrespondingSourceObject: {fileID: 0}
  m_PrefabInstance: {fileID: 0}
  m_PrefabAsset: {fileID: 0}
  m_GameObject: {fileID: 2142132556}
  m_Enabled: 1
  m_EditorHideFlags: 0
  m_Script: {fileID: 11500000, guid: 76c392e42b5098c458856cdf6ecaaaa1, type: 3}
  m_Name: 
  m_EditorClassIdentifier: 
  m_FirstSelected: {fileID: 0}
  m_sendNavigationEvents: 1
  m_DragThreshold: 10
--- !u!4 &2142132559
Transform:
  m_ObjectHideFlags: 0
  m_CorrespondingSourceObject: {fileID: 0}
  m_PrefabInstance: {fileID: 0}
  m_PrefabAsset: {fileID: 0}
  m_GameObject: {fileID: 2142132556}
  m_LocalRotation: {x: 0, y: 0, z: 0, w: 1}
  m_LocalPosition: {x: 0, y: 0, z: 0}
  m_LocalScale: {x: 1, y: 1, z: 1}
  m_Children: []
  m_Father: {fileID: 0}
  m_RootOrder: 0
  m_LocalEulerAnglesHint: {x: 0, y: 0, z: 0}
--- !u!1001 &1789915413900346624
PrefabInstance:
  m_ObjectHideFlags: 0
  serializedVersion: 2
  m_Modification:
    m_TransformParent: {fileID: 1767649541}
    m_Modifications:
    - target: {fileID: 1789915412865825362, guid: 64b5b6b77e16eea47bafb31caadc824c,
        type: 3}
      propertyPath: m_Color.r
      value: 0.9433962
      objectReference: {fileID: 0}
    - target: {fileID: 1789915412865825362, guid: 64b5b6b77e16eea47bafb31caadc824c,
        type: 3}
      propertyPath: m_Color.g
      value: 0
      objectReference: {fileID: 0}
    - target: {fileID: 1789915412865825362, guid: 64b5b6b77e16eea47bafb31caadc824c,
        type: 3}
      propertyPath: m_Color.b
      value: 0.32691956
      objectReference: {fileID: 0}
    - target: {fileID: 1789915412865825362, guid: 64b5b6b77e16eea47bafb31caadc824c,
        type: 3}
      propertyPath: m_Color.a
      value: 1
      objectReference: {fileID: 0}
    - target: {fileID: 1789915413166386219, guid: 64b5b6b77e16eea47bafb31caadc824c,
        type: 3}
      propertyPath: m_Name
      value: BlackHole
      objectReference: {fileID: 0}
    - target: {fileID: 1789915413166386223, guid: 64b5b6b77e16eea47bafb31caadc824c,
        type: 3}
      propertyPath: m_LocalPosition.x
      value: 1.919
      objectReference: {fileID: 0}
    - target: {fileID: 1789915413166386223, guid: 64b5b6b77e16eea47bafb31caadc824c,
        type: 3}
      propertyPath: m_LocalPosition.y
      value: -3.362
      objectReference: {fileID: 0}
    - target: {fileID: 1789915413166386223, guid: 64b5b6b77e16eea47bafb31caadc824c,
        type: 3}
      propertyPath: m_LocalPosition.z
      value: 4.2993164
      objectReference: {fileID: 0}
    - target: {fileID: 1789915413166386223, guid: 64b5b6b77e16eea47bafb31caadc824c,
        type: 3}
      propertyPath: m_LocalRotation.x
      value: -0
      objectReference: {fileID: 0}
    - target: {fileID: 1789915413166386223, guid: 64b5b6b77e16eea47bafb31caadc824c,
        type: 3}
      propertyPath: m_LocalRotation.y
      value: -0
      objectReference: {fileID: 0}
    - target: {fileID: 1789915413166386223, guid: 64b5b6b77e16eea47bafb31caadc824c,
        type: 3}
      propertyPath: m_LocalRotation.z
      value: -0
      objectReference: {fileID: 0}
    - target: {fileID: 1789915413166386223, guid: 64b5b6b77e16eea47bafb31caadc824c,
        type: 3}
      propertyPath: m_LocalRotation.w
      value: 1
      objectReference: {fileID: 0}
    - target: {fileID: 1789915413166386223, guid: 64b5b6b77e16eea47bafb31caadc824c,
        type: 3}
      propertyPath: m_RootOrder
      value: 9
      objectReference: {fileID: 0}
    - target: {fileID: 1789915413166386223, guid: 64b5b6b77e16eea47bafb31caadc824c,
        type: 3}
      propertyPath: m_LocalEulerAnglesHint.x
      value: 0
      objectReference: {fileID: 0}
    - target: {fileID: 1789915413166386223, guid: 64b5b6b77e16eea47bafb31caadc824c,
        type: 3}
      propertyPath: m_LocalEulerAnglesHint.y
      value: 0
      objectReference: {fileID: 0}
    - target: {fileID: 1789915413166386223, guid: 64b5b6b77e16eea47bafb31caadc824c,
        type: 3}
      propertyPath: m_LocalEulerAnglesHint.z
      value: 0
      objectReference: {fileID: 0}
    - target: {fileID: 1789915413166386223, guid: 64b5b6b77e16eea47bafb31caadc824c,
        type: 3}
      propertyPath: m_LocalScale.x
      value: 0.6
      objectReference: {fileID: 0}
    - target: {fileID: 1789915413166386223, guid: 64b5b6b77e16eea47bafb31caadc824c,
        type: 3}
      propertyPath: m_LocalScale.y
      value: 0.6
      objectReference: {fileID: 0}
    - target: {fileID: 1789915413166386223, guid: 64b5b6b77e16eea47bafb31caadc824c,
        type: 3}
      propertyPath: m_LocalScale.z
      value: 0.6
      objectReference: {fileID: 0}
    m_RemovedComponents: []
  m_SourcePrefab: {fileID: 100100000, guid: 64b5b6b77e16eea47bafb31caadc824c, type: 3}
